@book{Toennies,
  title={Guide to Medical Image Analysis},
  author={Klaus D. Toennies},
  year={2012},
  publisher={Springer Verlag London}
}

@inproceedings{mikolov2011empirical,
  title={Empirical Evaluation and Combination of Advanced Language Modeling Techniques.},
  author={Mikolov, Tomas and Deoras, Anoop and Kombrink, Stefan and Burget, Lukas and Cernock{\`y}, Jan},
  booktitle={INTERSPEECH},
  pages={605--608},
  year={2011}
}

@book{bishop2006pattern,
  title={Pattern recognition and machine learning},
  author={Bishop, Christopher M and others},
  volume={1},
  year={2006},
  publisher={springer New York}
}


